<record><leader>00000cas a2200000 a 4500</leader><controlfield tag="001">13057220</controlfield><controlfield tag="008">860124d18861889caudn ne      0    0eng c</controlfield><datafield ind1=" " ind2=" " tag="010"><subfield code="a">sn 85066538 </subfield></datafield><datafield ind1=" " ind2=" " tag="040"><subfield code="a">KSH</subfield><subfield code="b">eng</subfield><subfield code="c">KSH</subfield><subfield code="d">NPT</subfield><subfield code="d">CNK</subfield><subfield code="d">OCL</subfield><subfield code="d">CNK</subfield><subfield code="d">OCLCQ</subfield><subfield code="d">OCLCF</subfield><subfield code="d">OCLCO</subfield></datafield><datafield ind1=" " ind2=" " tag="042"><subfield code="a">pcc</subfield></datafield><datafield ind1=" " ind2=" " tag="043"><subfield code="a">n-us-ca</subfield></datafield><datafield ind1="0" ind2=" " tag="130"><subfield code="a">Daily free press (San Buenaventura, Calif.)</subfield></datafield><datafield ind1="1" ind2="4" tag="245"><subfield code="a">The daily free press.</subfield></datafield><datafield ind1="1" ind2="3" tag="246"><subfield code="a">Free press</subfield><subfield code="f">Sept. 23, 1987-Sept. 9, 1988</subfield></datafield><datafield ind1=" " ind2=" " tag="260"><subfield code="a">San Buenaventura, Cal. :</subfield><subfield code="b">Stephen Bowers &amp; Son</subfield></datafield><datafield ind1=" " ind2=" " tag="300"><subfield code="a">v. ;</subfield><subfield code="c">56 cm.</subfield></datafield><datafield ind1=" " ind2=" " tag="310"><subfield code="a">Daily (except Sun.)</subfield></datafield><datafield ind1="0" ind2=" " tag="362"><subfield code="a">Vol. 1, no. 1 (July 5, 1886)-v. 6, no. 129 (June 3, 1889).</subfield></datafield><datafield ind1=" " ind2="0" tag="651"><subfield code="a">Ventura (Calif.)</subfield><subfield code="v">Newspapers.</subfield></datafield><datafield ind1=" " ind2="7" tag="655"><subfield code="a">Newspapers.</subfield><subfield code="2">fast</subfield><subfield code="0">(OCoLC)fst01423814</subfield></datafield><datafield ind1=" " ind2="7" tag="651"><subfield code="a">California</subfield><subfield code="z">Ventura.</subfield><subfield code="2">fast</subfield><subfield code="0">(OCoLC)fst01212931</subfield></datafield><datafield ind1=" " ind2=" " tag="752"><subfield code="a">United States</subfield><subfield code="b">California</subfield><subfield code="c">Ventura</subfield><subfield code="d">Ventura.</subfield></datafield><datafield ind1="0" ind2=" " tag="775"><subfield code="t">Ventura free press (Ventura, Calif. : 1875)</subfield><subfield code="w">(DLC)sn 85025215</subfield></datafield><datafield ind1="0" ind2="0" tag="785"><subfield code="t">Ventura vidette (Ventura, Calif. : Daily)</subfield><subfield code="w">(DLC)sn 95061234</subfield></datafield></record>